@book{lang,
    title = {Google's PageRank and Beyond: The Science of Search Engine Rankings},
    author = {Amy N. Langville, Carl D. Meyer},
    year = {2012},
    publisher = {Princeton University Press},
}

@MISC{kleinproject,
	author =       {???},
	title =        {How Google works: Markov chains and eigenvalues},
	month =        {May},
	year =         {2015},
	url = {http://blog.kleinproject.org/?p=280},
}

@book{kurt,
	title = {The linear algebra behind Google},
	author = {Kurt Bryan, Tanya Leise},
	year = {2016},
}